<?xml version="1.0" encoding="UTF-8"?><collection xmlns="http://www.loc.gov/MARC21/slim"><record><leader>00463nam--2200157-i-4500</leader><controlfield tag="001">000041634</controlfield><controlfield tag="002">20161230</controlfield><controlfield tag="005">20161230201043</controlfield><controlfield tag="008">060222s1000------------r-----000-0-eng-d</controlfield><datafield ind1=" " ind2=" " tag="080"><subfield code="a">519.97</subfield></datafield><datafield ind1=" " ind2=" " tag="100"><subfield code="a">Simionescu,Claudia Lidia</subfield></datafield><datafield ind1=" " ind2=" " tag="245"><subfield code="a">Modele pentru centrul optimal la sisteme cu parametri destribuiti</subfield></datafield><datafield ind1=" " ind2=" " tag="260"><subfield code="a">Bucuresti, Ed.Tehnica, 1981. 160 P</subfield></datafield><datafield ind1=" " ind2=" " tag="490"><subfield code="a">Seria Matematici Moderne Aplicate</subfield></datafield><datafield ind1=" " ind2=" " tag="852"><subfield code="a">48942</subfield><subfield code="c">517.9</subfield></datafield><datafield ind1=" " ind2=" " tag="CAT"><subfield code="a">Sys</subfield><subfield code="c">20090319</subfield><subfield code="h">120823</subfield></datafield></record></collection>